@Article{vandijk2018recovering,
    Author="van Dijk, D.  and Sharma, R.  and Nainys, J.  and Yim, K.  and Kathail, P.  and Carr, A. J.  and Burdziak, C.  and Moon, K. R.  and Chaffer, C. L.  and Pattabiraman, D.  and Bierie, B.  and Mazutis, L.  and Wolf, G.  and Krishnaswamy, S.  and Pe'er, D. ",
    Title="{{R}ecovering {G}ene {I}nteractions from {S}ingle-{C}ell {D}ata {U}sing {D}ata {D}iffusion}",
    Journal="Cell",
    Year="2018",
    Month="Jun"
}

@Article{grun2015design,
    Author="Grun, D.  and van Oudenaarden, A. ",
    Title="{{D}esign and {A}nalysis of {S}ingle-{C}ell {S}equencing {E}xperiments}",
    Journal="Cell",
    Year="2015",
    Volume="163",
    Number="4",
    Pages="799--810",
    Month="Nov"
}

@Article{bacher2016design,
    Author="Bacher, R.  and Kendziorski, C. ",
    Title="{{D}esign and computational analysis of single-cell {R}{N}{A}-sequencing experiments}",
    Journal="Genome Biol.",
    Year="2016",
    Volume="17",
    Pages="63",
    Month="Apr"
}


